%% This BibTeX bibliography file was created using BibDesk.
%% http://bibdesk.sourceforge.net/


%% Created for Jiahao Li at 2014-03-10 16:52:38 -0400


%% Saved with string encoding Unicode (UTF-8)



@phdthesis{jp,
	Author = {Jinghui Xiao, and Bingquan Liu},
	Date-Added = {2014-03-10 20:49:04 +0000},
	Date-Modified = {2014-03-10 20:52:36 +0000},
	School = {Harbin Institute of Technology},
	Title = {The Study of the Segmentation Algorithm for Jyutping Sequence},
	Year = {2006}}

@article{token,
	Author = {Li Wei, and Qingcheng Jia, and Zhengyi Liu},
	Date-Added = {2014-03-10 20:28:02 +0000},
	Date-Modified = {2014-03-10 20:37:04 +0000},
	Journal = {Modern Computer},
	Keywords = {Audio Code; Chinese Phonetic String; Syncopation; Syllable; Tree of Syllable},
	Month = {8},
	Pages = {11-13},
	Title = {Syncopation of Chinese Phonetic String in Input Method of Syllable},
	Volume = {265},
	Year = {2007}}

  @article{doi:10.1137/0110015,
  author = {Held, M. and Karp, R.},
  title = {A Dynamic Programming Approach to Sequencing Problems},
  journal = {Journal of the Society for Industrial and Applied Mathematics},
  volume = {10},
  number = {1},
  pages = {196-210},
  year = {1962},
  doi = {10.1137/0110015},

  URL = {http://epubs.siam.org/doi/abs/10.1137/0110015},
  eprint = {http://epubs.siam.org/doi/pdf/10.1137/0110015}
  }



